<?xml version="1.0" encoding="UTF-8"?>
<collection xmlns:xsi="http://www.w3.org/2001/XMLSchema-instance" xsi:schemaLocation="http://www.loc.gov/MARC21/slim http://www.loc.gov/standards/marcxml/schema/MARC21slim.xsd" xmlns="http://www.loc.gov/MARC21/slim">
<record>
  <leader>01327cam a2200301 a 4500</leader>
  <controlfield tag="001">635826</controlfield>
  <controlfield tag="003">NNC</controlfield>
  <controlfield tag="005">20130520212333.0</controlfield>
  <controlfield tag="008">880328s1984    ir a     b    001 0 ara d</controlfield>
  <datafield tag="035" ind1=" " ind2=" ">
    <subfield code="a">(OCoLC)23699281</subfield>
  </datafield>
  <datafield tag="035" ind1=" " ind2=" ">
    <subfield code="a">(OCoLC)ocm23699281</subfield>
  </datafield>
  <datafield tag="035" ind1=" " ind2=" ">
    <subfield code="a">(CStRLIN)NYCG88-B21428</subfield>
  </datafield>
  <datafield tag="035" ind1=" " ind2=" ">
    <subfield code="9">ACU2188CU</subfield>
  </datafield>
  <datafield tag="035" ind1=" " ind2=" ">
    <subfield code="a">(NNC)635826</subfield>
  </datafield>
  <datafield tag="035" ind1=" " ind2=" ">
    <subfield code="a">635826</subfield>
  </datafield>
  <datafield tag="040" ind1=" " ind2=" ">
    <subfield code="a">NjP</subfield>
    <subfield code="c">NjP</subfield>
  </datafield>
  <datafield tag="090" ind1=" " ind2=" ">
    <subfield code="a">BP136.5</subfield>
    <subfield code="b">.K39 1984g</subfield>
  </datafield>
  <datafield tag="100" ind1="1" ind2=" ">
    <subfield code="a">Kāẓimī, Muḥammad Amīn ibn Muḥammad ʻAlī,</subfield>
    <subfield code="d">-1675 or 1676.</subfield>
  </datafield>
  <datafield tag="245" ind1="1" ind2="0">
    <subfield code="a">Hidāyat al-muḥaddithīn ilá ṭarīqat al-Muḥammadīn :</subfield>
    <subfield code="b">al-maʻrūf bi-Mushtarakāt al-Kāẓimī /</subfield>
    <subfield code="c">taʾlīf Muḥammad Amīn ibn Muḥammad ʻAlī al-Kāẓimī ; taḥqīq Mahdī al-Rajāʾī ; bi-ihtimām Maḥmūd al-Marʻashī.</subfield>
  </datafield>
  <datafield tag="260" ind1=" " ind2=" ">
    <subfield code="a">[Qum] :</subfield>
    <subfield code="b">Maktabat Āyat Allāh al-ʻUẓmá al-Marʻashī,</subfield>
    <subfield code="c">1405 [1984 or 1985]</subfield>
  </datafield>
  <datafield tag="300" ind1=" " ind2=" ">
    <subfield code="a">420 p. :</subfield>
    <subfield code="b">ill. ;</subfield>
    <subfield code="c">25 cm.</subfield>
  </datafield>
  <datafield tag="490" ind1="1" ind2=" ">
    <subfield code="a">Makhṭūṭāt Maktabat Āyat Allāh al-Marʻashī al-ʻĀmmah ;</subfield>
    <subfield code="v">12</subfield>
  </datafield>
  <datafield tag="500" ind1=" " ind2=" ">
    <subfield code="a">Includes indexes.</subfield>
  </datafield>
  <datafield tag="504" ind1=" " ind2=" ">
    <subfield code="a">Includes bibliographical references (p. [419]-420).</subfield>
  </datafield>
  <datafield tag="650" ind1=" " ind2="0">
    <subfield code="a">Hadith</subfield>
    <subfield code="x">Authorities</subfield>
    <subfield code="v">Early works to 1800.</subfield>
  </datafield>
  <datafield tag="700" ind1="1" ind2=" ">
    <subfield code="a">Marʻashī, Maḥmūd.</subfield>
  </datafield>
  <datafield tag="700" ind1="1" ind2=" ">
    <subfield code="a">Rajāʼī, Mahdī.</subfield>
  </datafield>
  <datafield tag="830" ind1=" " ind2="0">
    <subfield code="a">Min makhṭūṭāt Maktabat Āyat Allāh al-Marʻashī al-ʻĀmmah ;</subfield>
    <subfield code="v">12.</subfield>
  </datafield>
  <datafield tag="955" ind1=" " ind2=" ">
    <subfield code="b">CU01959840</subfield>
    <subfield code="d">off,glx</subfield>
    <subfield code="e">BP136.5 .K39 1984g</subfield>
  </datafield>
</record>
</collection>